@misc {vadarimmortal2019ep1, 
    url = {https://www.oculus.com/experiences/quest/2108775495884888/},
    author = {IMLxLAB},
    year = {2019},
    title = {Vader Immortal: Episode 1}

}

@misc {lostrecipes2022, 
    url = {https://www.oculus.com/experiences/quest/4584847304916084/?ranking_trace=0_4584847304916084_QUESTSEARCH_9bee1a85-3dd7-4416-a5f9-d6eb62c2a23d},
    author = {Schell Games},
    year = {2022},
    title = {Lost Recipes},
}

@misc {cookingsim2019, 
    url = {https://store.steampowered.com/app/641320/Cooking_Simulator/},
    author = {Big Cheese Studio},
    year = {2019},
    title = {Cooking Simulator},
}

@misc {finch2019, 
    url = {https://store.steampowered.com/app/501300/What_Remains_of_Edith_Finch/},
    author = {Giant Sparrow},
    year = {2017},
    title = {What Remains of Edith Finch},
}

@article {vrbarriers2018,
    author = {Leighton Evans},
    url = {https://www.researchgate.net/publication/333502677_Barriers_to_VR_use_in_HE/fulltext/5cf0a0c74585153c3da7a768/Barriers-to-VR-use-in-HE.pdf},
    year = {2018},
    title = {Barriers to VR use in HE},
}

@article {vraccessibility2022,
    author = {Grant Stoner},
    url = {https://www.wired.com/story/virtual-reality-accessibility-disabilities/},
    year = {2022},
    title = {VR Is Here to Stay. It's Time to Make It Accessible},
}

@article {motionsicknessvr2019,
    author = {Meeri Kim},
    url = {https://abcnews.go.com/Technology/feel-motion-sickness-virtual-reality/story?id=65153805},
    year = {2019},
    title = {Why you feel motion sickness during virtual reality},
}

@article {translationmisrep2008,
    author = {Said Faiq},
    url = {https://www.sejongjul.org/download/download_pdf?pid=jul-9-2-31},
    year = {2008},
    title = {Cultural Misrepresentation through Translation},
}

@article {implicitbias201516,
    author = {Cheryl Staats},
    url = {https://files.eric.ed.gov/fulltext/EJ1086492.pdf},
    year = {2015-2016},
    title = {Understanding Implicit Bias},
}

@misc {arcaspath2018, 
    url = {https://store.steampowered.com/app/842120/Arcas_Path_VR/},
    year = {2018},
    title = {Arca's Path VR},
}

@misc {annefrank2018, 
    url = {https://www.oculus.com/experiences/go/1596151970428159/},
    author = {Force Field},
    year = {2018},
    title = {Anne Frank House VR},
}


@article {curvedScreen2020,
    author = {Raju K},
    url = {https://medium.com/xrpractices/curved-user-interfaces-xr-90a143eb150a},
    year = {2020},
    title = {Curved User Interfaces \& XR},
}

@misc {talesOfGlax2020, 
    url = {https://www.oculus.com/star-wars-tales-from-the-galaxys-edge/},
    author = {ILMxLAB},
    year = {2020},
    title = {Star Wars: Tales from the Galaxy's Edge},
}

@misc {greenHell2019, 
    url = {https://store.steampowered.com/app/815370/Green_Hell/},
    author = {Creepy Jar},
    year = {2019},
    title = {Green Hell},
}

@misc {handTracking, 
    url = {https://developer.oculus.com/resources/hands-design-interactions/},
    author = {Oculus},
    title = {Hand Tracking: Interactions},
}

@article {designQuestionaire2006,
    author = {Ng Chirk Jenn},
    url = {https://www.ncbi.nlm.nih.gov/pmc/articles/PMC4797036/},
    year = {2006},
    title = {Designing A Questionnaire},
}

@article {handPosing2020,
    author = {Ben Lang},
    url = {https://www.roadtovr.com/tool-quest-hand-tracking-pose-grab-luca-mefisto/},
    year = {2020},
    title = {Dev Tool Uses Quest Hand-tracking to Quickly Model Realistic Hand Poses for VR},
}

@article {usafarming2019,
    author = {Chris McGreal},
    url = {https://www.theguardian.com/environment/2019/mar/09/american-food-giants-swallow-the-family-farms-iowa},
    year = {2019},
    title = {How Americaâ€™s food giants swallowed the family farms},
}

@article {factoryfarms2021,
    author = {The Humane League},
    url = {https://thehumaneleague.org/article/factory-farming-animal-cruelty},
    year = {2021},
    title = {How are Factor Farms cruel to animals?},
}
